@Misc{Lorene:web,
  key =          {LORENE},
  title =        {{LORENE}: {L}angage {O}bjet pour la {RE}lativit\'e {N}um\'eriqu{E}},
  url =          {http://www.lorene.obspm.fr/},
}

@article{zilhaoIntroductionEinsteinToolkit2013,
  archivePrefix = {arXiv},
  eprinttype = {arxiv},
  eprint = {1305.5299},
  title = {An {{Introduction}} to the {{Einstein Toolkit}}},
  volume = {28},
  issn = {0217-751X, 1793-656X},
  doi = {10.1142/S0217751X13400149},
  abstract = {We give an introduction to the Einstein Toolkit, a mature, open-source computational infrastructure for numerical relativity based on the Cactus Framework, for the target group of new users. This toolkit is composed of several different modules, is developed by researchers from different institutions throughout the world and is in active continuous development. Documentation for the toolkit and its several modules is often scattered across different locations, a difficulty new users may at times have to struggle with. Scientific papers exist describing the toolkit and its methods in detail, but they might be overwhelming at first. With these lecture notes we hope to provide an initial overview for new users. We cover how to obtain, compile and run the toolkit, and give an overview of some of the tools and modules provided with it.},
  number = {22n23},
  journal = {International Journal of Modern Physics A},
  author = {Zilh{\~a}o, Miguel and L{\"o}ffler, Frank},
  month = sep,
  year = {2013},
  keywords = {General Relativity and Quantum Cosmology,Physics - Computational Physics},
  pages = {1340014},
  file = {/Users/lorenzosperi/Zotero/storage/8HTS4U3P/Zilhão and Löffler - 2013 - An Introduction to the Einstein Toolkit.pdf;/Users/lorenzosperi/Zotero/storage/VG6UQQHL/1305.html}
}

@article{leclercGeodesicDeviationGravitational2006,
  archivePrefix = {arXiv},
  eprinttype = {arxiv},
  eprint = {gr-qc/0605033},
  title = {Geodesic Deviation and Gravitational Waves},
  abstract = {The detection of gravitational waves based on the geodesic deviation equation is discussed. In particular, it is shown that the only non-vanishing components of the wave field in the conventional traceless-transverse gauge in linearized general relativity do not enter the geodesic deviation equation, and therefore, apparently, no effect is predicted by that equation in that specific gauge. The reason is traced back to the fact that the geodesic deviation equation is written in terms of a coordinate distance, which is not a directly measurable quantity. On the other hand, in the proper Lorentz frame of the detector, the conventional result described in standard textbooks holds.},
  journal = {arXiv:gr-qc/0605033},
  author = {Leclerc, M.},
  month = may,
  year = {2006},
  keywords = {General Relativity and Quantum Cosmology},
  file = {/Users/lorenzosperi/Zotero/storage/25VG2JCP/Leclerc - 2006 - Geodesic deviation and gravitational waves.pdf;/Users/lorenzosperi/Zotero/storage/5TFB5X4A/0605033.html}
}


@article{pasqualiNumericalSimulationsMerger,
  title = {Numerical {{Simulations}} of the {{Merger}} of {{Neutron Stars}}},
  language = {en},
  author = {Pasquali, Michele},
  pages = {81},
  file = {/Users/lorenzosperi/Zotero/storage/7RSDUY99/Pasquali - Numerical Simulations of the Merger of Neutron Sta.pdf}
}

@article{mooreGravitationalwaveSensitivityCurves2015,
  title = {Gravitational-Wave Sensitivity Curves},
  volume = {32},
  issn = {0264-9381, 1361-6382},
  doi = {10.1088/0264-9381/32/1/015014},
  abstract = {There are several common conventions in use by the gravitational-wave community to describe the amplitude of sources and the sensitivity of detectors. These are frequently confused. We outline the merits of and differences between the various quantities used for parameterizing noise curves and characterizing gravitational-wave amplitudes. We conclude by producing plots that consistently compare different detectors. Similar figures can be generated on-line for general use at http://rhcole.com/apps/GWplotter.},
  language = {en},
  number = {1},
  journal = {Classical and Quantum Gravity},
  author = {Moore, C J and Cole, R H and Berry, C P L},
  month = jan,
  year = {2015},
  pages = {015014},
  file = {/Users/lorenzosperi/Zotero/storage/WESW69S5/Moore et al. - 2015 - Gravitational-wave sensitivity curves.pdf}
}


@article{loffler_einstein_2012,
	title = {The Einstein Toolkit: A Community Computational Infrastructure for Relativistic Astrophysics},
	volume = {29},
	issn = {0264-9381, 1361-6382},
	url = {http://arxiv.org/abs/1111.3344},
	doi = {10.1088/0264-9381/29/11/115001},
	shorttitle = {The Einstein Toolkit},
	abstract = {We describe the Einstein Toolkit, a community-driven, freely accessible computational infrastructure intended for use in numerical relativity, relativistic astrophysics, and other applications. The Toolkit, developed by a collaboration involving researchers from multiple institutions around the world, combines a core set of components needed to simulate astrophysical objects such as black holes, compact objects, and collapsing stars, as well as a full suite of analysis tools. The Einstein Toolkit is currently based on the Cactus Framework for high-performance computing and the Carpet adaptive mesh refinement driver. It implements spacetime evolution via the {BSSN} evolution system and general-relativistic hydrodynamics in a finite-volume discretization. The toolkit is under continuous development and contains many new code components that have been publicly released for the first time and are described in this article. We discuss the motivation behind the release of the toolkit, the philosophy underlying its development, and the goals of the project. A summary of the implemented numerical techniques is included, as are results of numerical test covering a variety of sample astrophysical problems.},
	pages = {115001},
	number = {11},
	journaltitle = {Classical and Quantum Gravity},
	author = {Löffler, Frank and Faber, Joshua and Bentivegna, Eloisa and Bode, Tanja and Diener, Peter and Haas, Roland and Hinder, Ian and Mundim, Bruno C. and Ott, Christian D. and Schnetter, Erik and Allen, Gabrielle and Campanelli, Manuela and Laguna, Pablo},
	urldate = {2018-05-03},
	date = {2012-06-07},
	eprinttype = {arxiv},
	eprint = {1111.3344},
	keywords = {General Relativity and Quantum Cosmology, Astrophysics - Cosmology and Nongalactic Astrophysics},
	annotation = {Comment: 62 pages, 20 figures},
	file = {arXiv\:1111.3344 PDF:/Users/lorenzosperi/Zotero/storage/7NIL7Q7U/Löffler et al. - 2012 - The Einstein Toolkit A Community Computational In.pdf:application/pdf;arXiv.org Snapshot:/Users/lorenzosperi/Zotero/storage/HZHSNV99/1111.html:text/html}
}

@article{kiuchi_long-term_2009,
	title = {Long-term general relativistic simulation of binary neutron stars collapsing to a black hole},
	volume = {80},
	issn = {1550-7998, 1550-2368},
	url = {https://link.aps.org/doi/10.1103/PhysRevD.80.064037},
	doi = {10.1103/PhysRevD.80.064037},
	number = {6},
	journaltitle = {Physical Review D},
	author = {Kiuchi, Kenta and Sekiguchi, Yuichiro and Shibata, Masaru and Taniguchi, Keisuke},
	urldate = {2018-04-18},
	date = {2009-09-25},
	langid = {english},
	file = {Kiuchi et al. - 2009 - Long-term general relativistic simulation of binar.pdf:/Users/lorenzosperi/Zotero/storage/MEUCB5J8/Kiuchi et al. - 2009 - Long-term general relativistic simulation of binar.pdf:application/pdf}
}


@article{shibata_simulation_nodate,
	title = {Simulation of merging binary neutron stars in full general relativity: ⌫Ä2 case},
	pages = {18},
	journaltitle = {{PHYSICAL} {REVIEW} D},
	author = {Shibata, Masaru},
	langid = {english},
	file = {Shibata - Simulation of merging binary neutron stars in full.pdf:/Users/lorenzosperi/Zotero/storage/7M2Q5ZH2/Shibata - Simulation of merging binary neutron stars in full.pdf:application/pdf}
}

@article{weisberg_timing_2010,
	title = {Timing Measurements of the Relativistic Binary Pulsar {PSR} B1913+16},
	volume = {722},
	issn = {0004-637X, 1538-4357},
	url = {http://arxiv.org/abs/1011.0718},
	doi = {10.1088/0004-637X/722/2/1030},
	pages = {1030--1034},
	number = {2},
	journaltitle = {The Astrophysical Journal},
	author = {Weisberg, Joel M. and Nice, David J. and Taylor, Joseph H.},
	urldate = {2018-04-07},
	date = {2010-10-20},
	eprinttype = {arxiv},
	eprint = {1011.0718},
	keywords = {General Relativity and Quantum Cosmology, Astrophysics - Astrophysics of Galaxies},
	annotation = {Comment: Published in {APJ}, 722, 1030 (2010)},
	file = {arXiv\:1011.0718 PDF:/Users/lorenzosperi/Zotero/storage/PVD5VDR2/Weisberg et al. - 2010 - Timing Measurements of the Relativistic Binary Pul.pdf:application/pdf;arXiv.org Snapshot:/Users/lorenzosperi/Zotero/storage/WJI984JY/1011.html:text/html}
}


@article{weisberg_relativistic_2004,
	title = {Relativistic Binary Pulsar B1913+16: Thirty Years of Observations and Analysis},
	url = {http://arxiv.org/abs/astro-ph/0407149},
	shorttitle = {Relativistic Binary Pulsar B1913+16},
	abstract = {We describe results derived from thirty years of observations of {PSR} B1913+16. Together with the Keplerian orbital parameters, measurements of the relativistic periastron advance and a combination of gravitational redshift and time dilation yield the stellar masses with high accuracy. The measured rate of change of orbital period agrees with that expected from the emission of gravitational radiation, according to general relativity, to within about 0.2 percent. Systematic effects depending on the pulsar distance and on poorly known galactic constants now dominate the error budget, so tighter bounds will be difficult to obtain. Geodetic precession of the pulsar spin axis leads to secular changes in pulse shape as the pulsar-observer geometry changes. This effect makes it possible to model the two-dimensional structure of the beam. We find that the beam is elongated in the latitude direction and appears to be pinched in longitude near its center.},
	journaltitle = {{arXiv}:astro-ph/0407149},
	author = {Weisberg, J. M. and Taylor, J. H.},
	urldate = {2018-04-07},
	date = {2004-07-07},
	eprinttype = {arxiv},
	eprint = {astro-ph/0407149},
	keywords = {Astrophysics, General Relativity and Quantum Cosmology},
	annotation = {Comment: To be published in Binary Radio Pulsars, Proc. Aspen Conference, {ASP} Conf. Series, eds. F.A. Rasio \& I.H. Stairs},
	file = {arXiv\:astro-ph/0407149 PDF:/Users/lorenzosperi/Zotero/storage/JR2K64PZ/Weisberg e Taylor - 2004 - Relativistic Binary Pulsar B1913+16 Thirty Years .pdf:application/pdf;arXiv.org Snapshot:/Users/lorenzosperi/Zotero/storage/KXBVJF2W/0407149.html:text/html}
}

@article{taniguchiVariousFeaturesQuasiequilibrium2003,
  archivePrefix = {arXiv},
  eprinttype = {arxiv},
  eprint = {gr-qc/0309045},
  title = {Various Features of Quasiequilibrium Sequences of Binary Neutron Stars in General Relativity},
  volume = {68},
  issn = {0556-2821, 1089-4918},
  doi = {10.1103/PhysRevD.68.124025},
  abstract = {Quasiequilibrium sequences of binary neutron stars are numerically calculated in the framework of the Isenberg-Wilson-Mathews (IWM) approximation of general relativity. The results are presented for both rotation states of synchronized spins and irrotational motion, the latter being considered as the realistic one for binary neutron stars just prior to the merger. We assume a polytropic equation of state and compute several evolutionary sequences of binary systems composed of different-mass stars as well as identical-mass stars with adiabatic indices gamma=2.5, 2.25, 2, and 1.8. From our results, we propose as a conjecture that if the turning point of binding energy (and total angular momentum) locating the innermost stable circular orbit (ISCO) is found in Newtonian gravity for some value of the adiabatic index gamma\_0, that of the ADM mass (and total angular momentum) should exist in the IWM approximation of general relativity for the same value of the adiabatic index.},
  number = {12},
  journal = {Physical Review D},
  author = {Taniguchi, Keisuke and Gourgoulhon, Eric},
  month = dec,
  year = {2003},
  keywords = {Astrophysics,General Relativity and Quantum Cosmology},
  file = {/Users/lorenzosperi/Zotero/storage/M95XJPIC/Taniguchi e Gourgoulhon - 2003 - Various features of quasiequilibrium sequences of .pdf;/Users/lorenzosperi/Zotero/storage/IIIFDSPD/0309045.html}
}


@article{abbott_observation_2016,
	title = {Observation of Gravitational Waves from a Binary Black Hole Merger},
	volume = {116},
	issn = {0031-9007, 1079-7114},
	url = {https://link.aps.org/doi/10.1103/PhysRevLett.116.061102},
	doi = {10.1103/PhysRevLett.116.061102},
	number = {6},
	journaltitle = {Physical Review Letters},
	author = {Abbott, B. P. and Abbott, R. and Abbott, T. D. and Abernathy, M. R. and Acernese, F. and Ackley, K. and Adams, C. and Adams, T. and Addesso, P. and Adhikari, R. X. and Adya, V. B. and Affeldt, C. and Agathos, M. and Agatsuma, K. and Aggarwal, N. and Aguiar, O. D. and Aiello, L. and Ain, A. and Ajith, P. and Allen, B. and Allocca, A. and Altin, P. A. and Anderson, S. B. and Anderson, W. G. and Arai, K. and Arain, M. A. and Araya, M. C. and Arceneaux, C. C. and Areeda, J. S. and Arnaud, N. and Arun, K. G. and Ascenzi, S. and Ashton, G. and Ast, M. and Aston, S. M. and Astone, P. and Aufmuth, P. and Aulbert, C. and Babak, S. and Bacon, P. and Bader, M. K. M. and Baker, P. T. and Baldaccini, F. and Ballardin, G. and Ballmer, S. W. and Barayoga, J. C. and Barclay, S. E. and Barish, B. C. and Barker, D. and Barone, F. and Barr, B. and Barsotti, L. and Barsuglia, M. and Barta, D. and Bartlett, J. and Barton, M. A. and Bartos, I. and Bassiri, R. and Basti, A. and Batch, J. C. and Baune, C. and Bavigadda, V. and Bazzan, M. and Behnke, B. and Bejger, M. and Belczynski, C. and Bell, A. S. and Bell, C. J. and Berger, B. K. and Bergman, J. and Bergmann, G. and Berry, C. P. L. and Bersanetti, D. and Bertolini, A. and Betzwieser, J. and Bhagwat, S. and Bhandare, R. and Bilenko, I. A. and Billingsley, G. and Birch, J. and Birney, R. and Birnholtz, O. and Biscans, S. and Bisht, A. and Bitossi, M. and Biwer, C. and Bizouard, M. A. and Blackburn, J. K. and Blair, C. D. and Blair, D. G. and Blair, R. M. and Bloemen, S. and Bock, O. and Bodiya, T. P. and Boer, M. and Bogaert, G. and Bogan, C. and Bohe, A. and Bojtos, P. and Bond, C. and Bondu, F. and Bonnand, R. and Boom, B. A. and Bork, R. and Boschi, V. and Bose, S. and Bouffanais, Y. and Bozzi, A. and Bradaschia, C. and Brady, P. R. and Braginsky, V. B. and Branchesi, M. and Brau, J. E. and Briant, T. and Brillet, A. and Brinkmann, M. and Brisson, V. and Brockill, P. and Brooks, A. F. and Brown, D. A. and Brown, D. D. and Brown, N. M. and Buchanan, C. C. and Buikema, A. and Bulik, T. and Bulten, H. J. and Buonanno, A. and Buskulic, D. and Buy, C. and Byer, R. L. and Cabero, M. and Cadonati, L. and Cagnoli, G. and Cahillane, C. and Bustillo, J. Calderón and Callister, T. and Calloni, E. and Camp, J. B. and Cannon, K. C. and Cao, J. and Capano, C. D. and Capocasa, E. and Carbognani, F. and Caride, S. and Diaz, J. Casanueva and Casentini, C. and Caudill, S. and Cavaglià, M. and Cavalier, F. and Cavalieri, R. and Cella, G. and Cepeda, C. B. and Baiardi, L. Cerboni and Cerretani, G. and Cesarini, E. and Chakraborty, R. and Chalermsongsak, T. and Chamberlin, S. J. and Chan, M. and Chao, S. and Charlton, P. and Chassande-Mottin, E. and Chen, H. Y. and Chen, Y. and Cheng, C. and Chincarini, A. and Chiummo, A. and Cho, H. S. and Cho, M. and Chow, J. H. and Christensen, N. and Chu, Q. and Chua, S. and Chung, S. and Ciani, G. and Clara, F. and Clark, J. A. and Cleva, F. and Coccia, E. and Cohadon, P.-F. and Colla, A. and Collette, C. G. and Cominsky, L. and Constancio, M. and Conte, A. and Conti, L. and Cook, D. and Corbitt, T. R. and Cornish, N. and Corsi, A. and Cortese, S. and Costa, C. A. and Coughlin, M. W. and Coughlin, S. B. and Coulon, J.-P. and Countryman, S. T. and Couvares, P. and Cowan, E. E. and Coward, D. M. and Cowart, M. J. and Coyne, D. C. and Coyne, R. and Craig, K. and Creighton, J. D. E. and Creighton, T. D. and Cripe, J. and Crowder, S. G. and Cruise, A. M. and Cumming, A. and Cunningham, L. and Cuoco, E. and Canton, T. Dal and Danilishin, S. L. and D’Antonio, S. and Danzmann, K. and Darman, N. S. and Da Silva Costa, C. F. and Dattilo, V. and Dave, I. and Daveloza, H. P. and Davier, M. and Davies, G. S. and Daw, E. J. and Day, R. and De, S. and DeBra, D. and Debreczeni, G. and Degallaix, J. and De Laurentis, M. and Deléglise, S. and Del Pozzo, W. and Denker, T. and Dent, T. and Dereli, H. and Dergachev, V. and DeRosa, R. T. and De Rosa, R. and DeSalvo, R. and Dhurandhar, S. and Díaz, M. C. and Di Fiore, L. and Di Giovanni, M. and Di Lieto, A. and Di Pace, S. and Di Palma, I. and Di Virgilio, A. and Dojcinoski, G. and Dolique, V. and Donovan, F. and Dooley, K. L. and Doravari, S. and Douglas, R. and Downes, T. P. and Drago, M. and Drever, R. W. P. and Driggers, J. C. and Du, Z. and Ducrot, M. and Dwyer, S. E. and Edo, T. B. and Edwards, M. C. and Effler, A. and Eggenstein, H.-B. and Ehrens, P. and Eichholz, J. and Eikenberry, S. S. and Engels, W. and Essick, R. C. and Etzel, T. and Evans, M. and Evans, T. M. and Everett, R. and Factourovich, M. and Fafone, V. and Fair, H. and Fairhurst, S. and Fan, X. and Fang, Q. and Farinon, S. and Farr, B. and Farr, W. M. and Favata, M. and Fays, M. and Fehrmann, H. and Fejer, M. M. and Feldbaum, D. and Ferrante, I. and Ferreira, E. C. and Ferrini, F. and Fidecaro, F. and Finn, L. S. and Fiori, I. and Fiorucci, D. and Fisher, R. P. and Flaminio, R. and Fletcher, M. and Fong, H. and Fournier, J.-D. and Franco, S. and Frasca, S. and Frasconi, F. and Frede, M. and Frei, Z. and Freise, A. and Frey, R. and Frey, V. and Fricke, T. T. and Fritschel, P. and Frolov, V. V. and Fulda, P. and Fyffe, M. and Gabbard, H. A. G. and Gair, J. R. and Gammaitoni, L. and Gaonkar, S. G. and Garufi, F. and Gatto, A. and Gaur, G. and Gehrels, N. and Gemme, G. and Gendre, B. and Genin, E. and Gennai, A. and George, J. and Gergely, L. and Germain, V. and Ghosh, Abhirup and Ghosh, Archisman and Ghosh, S. and Giaime, J. A. and Giardina, K. D. and Giazotto, A. and Gill, K. and Glaefke, A. and Gleason, J. R. and Goetz, E. and Goetz, R. and Gondan, L. and González, G. and Castro, J. M. Gonzalez and Gopakumar, A. and Gordon, N. A. and Gorodetsky, M. L. and Gossan, S. E. and Gosselin, M. and Gouaty, R. and Graef, C. and Graff, P. B. and Granata, M. and Grant, A. and Gras, S. and Gray, C. and Greco, G. and Green, A. C. and Greenhalgh, R. J. S. and Groot, P. and Grote, H. and Grunewald, S. and Guidi, G. M. and Guo, X. and Gupta, A. and Gupta, M. K. and Gushwa, K. E. and Gustafson, E. K. and Gustafson, R. and Hacker, J. J. and Hall, B. R. and Hall, E. D. and Hammond, G. and Haney, M. and Hanke, M. M. and Hanks, J. and Hanna, C. and Hannam, M. D. and Hanson, J. and Hardwick, T. and Harms, J. and Harry, G. M. and Harry, I. W. and Hart, M. J. and Hartman, M. T. and Haster, C.-J. and Haughian, K. and Healy, J. and Heefner, J. and Heidmann, A. and Heintze, M. C. and Heinzel, G. and Heitmann, H. and Hello, P. and Hemming, G. and Hendry, M. and Heng, I. S. and Hennig, J. and Heptonstall, A. W. and Heurs, M. and Hild, S. and Hoak, D. and Hodge, K. A. and Hofman, D. and Hollitt, S. E. and Holt, K. and Holz, D. E. and Hopkins, P. and Hosken, D. J. and Hough, J. and Houston, E. A. and Howell, E. J. and Hu, Y. M. and Huang, S. and Huerta, E. A. and Huet, D. and Hughey, B. and Husa, S. and Huttner, S. H. and Huynh-Dinh, T. and Idrisy, A. and Indik, N. and Ingram, D. R. and Inta, R. and Isa, H. N. and Isac, J.-M. and Isi, M. and Islas, G. and Isogai, T. and Iyer, B. R. and Izumi, K. and Jacobson, M. B. and Jacqmin, T. and Jang, H. and Jani, K. and Jaranowski, P. and Jawahar, S. and Jiménez-Forteza, F. and Johnson, W. W. and Johnson-McDaniel, N. K. and Jones, D. I. and Jones, R. and Jonker, R. J. G. and Ju, L. and Haris, K. and Kalaghatgi, C. V. and Kalogera, V. and Kandhasamy, S. and Kang, G. and Kanner, J. B. and Karki, S. and Kasprzack, M. and Katsavounidis, E. and Katzman, W. and Kaufer, S. and Kaur, T. and Kawabe, K. and Kawazoe, F. and Kéfélian, F. and Kehl, M. S. and Keitel, D. and Kelley, D. B. and Kells, W. and Kennedy, R. and Keppel, D. G. and Key, J. S. and Khalaidovski, A. and Khalili, F. Y. and Khan, I. and Khan, S. and Khan, Z. and Khazanov, E. A. and Kijbunchoo, N. and Kim, C. and Kim, J. and Kim, K. and Kim, Nam-Gyu and Kim, Namjun and Kim, Y.-M. and King, E. J. and King, P. J. and Kinzel, D. L. and Kissel, J. S. and Kleybolte, L. and Klimenko, S. and Koehlenbeck, S. M. and Kokeyama, K. and Koley, S. and Kondrashov, V. and Kontos, A. and Koranda, S. and Korobko, M. and Korth, W. Z. and Kowalska, I. and Kozak, D. B. and Kringel, V. and Krishnan, B. and Królak, A. and Krueger, C. and Kuehn, G. and Kumar, P. and Kumar, R. and Kuo, L. and Kutynia, A. and Kwee, P. and Lackey, B. D. and Landry, M. and Lange, J. and Lantz, B. and Lasky, P. D. and Lazzarini, A. and Lazzaro, C. and Leaci, P. and Leavey, S. and Lebigot, E. O. and Lee, C. H. and Lee, H. K. and Lee, H. M. and Lee, K. and Lenon, A. and Leonardi, M. and Leong, J. R. and Leroy, N. and Letendre, N. and Levin, Y. and Levine, B. M. and Li, T. G. F. and Libson, A. and Littenberg, T. B. and Lockerbie, N. A. and Logue, J. and Lombardi, A. L. and London, L. T. and Lord, J. E. and Lorenzini, M. and Loriette, V. and Lormand, M. and Losurdo, G. and Lough, J. D. and Lousto, C. O. and Lovelace, G. and Lück, H. and Lundgren, A. P. and Luo, J. and Lynch, R. and Ma, Y. and MacDonald, T. and Machenschalk, B. and MacInnis, M. and Macleod, D. M. and Magaña-Sandoval, F. and Magee, R. M. and Mageswaran, M. and Majorana, E. and Maksimovic, I. and Malvezzi, V. and Man, N. and Mandel, I. and Mandic, V. and Mangano, V. and Mansell, G. L. and Manske, M. and Mantovani, M. and Marchesoni, F. and Marion, F. and Márka, S. and Márka, Z. and Markosyan, A. S. and Maros, E. and Martelli, F. and Martellini, L. and Martin, I. W. and Martin, R. M. and Martynov, D. V. and Marx, J. N. and Mason, K. and Masserot, A. and Massinger, T. J. and Masso-Reid, M. and Matichard, F. and Matone, L. and Mavalvala, N. and Mazumder, N. and Mazzolo, G. and McCarthy, R. and McClelland, D. E. and McCormick, S. and McGuire, S. C. and McIntyre, G. and McIver, J. and McManus, D. J. and McWilliams, S. T. and Meacher, D. and Meadors, G. D. and Meidam, J. and Melatos, A. and Mendell, G. and Mendoza-Gandara, D. and Mercer, R. A. and Merilh, E. and Merzougui, M. and Meshkov, S. and Messenger, C. and Messick, C. and Meyers, P. M. and Mezzani, F. and Miao, H. and Michel, C. and Middleton, H. and Mikhailov, E. E. and Milano, L. and Miller, J. and Millhouse, M. and Minenkov, Y. and Ming, J. and Mirshekari, S. and Mishra, C. and Mitra, S. and Mitrofanov, V. P. and Mitselmakher, G. and Mittleman, R. and Moggi, A. and Mohan, M. and Mohapatra, S. R. P. and Montani, M. and Moore, B. C. and Moore, C. J. and Moraru, D. and Moreno, G. and Morriss, S. R. and Mossavi, K. and Mours, B. and Mow-Lowry, C. M. and Mueller, C. L. and Mueller, G. and Muir, A. W. and Mukherjee, Arunava and Mukherjee, D. and Mukherjee, S. and Mukund, N. and Mullavey, A. and Munch, J. and Murphy, D. J. and Murray, P. G. and Mytidis, A. and Nardecchia, I. and Naticchioni, L. and Nayak, R. K. and Necula, V. and Nedkova, K. and Nelemans, G. and Neri, M. and Neunzert, A. and Newton, G. and Nguyen, T. T. and Nielsen, A. B. and Nissanke, S. and Nitz, A. and Nocera, F. and Nolting, D. and Normandin, M. E. N. and Nuttall, L. K. and Oberling, J. and Ochsner, E. and O’Dell, J. and Oelker, E. and Ogin, G. H. and Oh, J. J. and Oh, S. H. and Ohme, F. and Oliver, M. and Oppermann, P. and Oram, Richard J. and O’Reilly, B. and O’Shaughnessy, R. and Ott, C. D. and Ottaway, D. J. and Ottens, R. S. and Overmier, H. and Owen, B. J. and Pai, A. and Pai, S. A. and Palamos, J. R. and Palashov, O. and Palomba, C. and Pal-Singh, A. and Pan, H. and Pan, Y. and Pankow, C. and Pannarale, F. and Pant, B. C. and Paoletti, F. and Paoli, A. and Papa, M. A. and Paris, H. R. and Parker, W. and Pascucci, D. and Pasqualetti, A. and Passaquieti, R. and Passuello, D. and Patricelli, B. and Patrick, Z. and Pearlstone, B. L. and Pedraza, M. and Pedurand, R. and Pekowsky, L. and Pele, A. and Penn, S. and Perreca, A. and Pfeiffer, H. P. and Phelps, M. and Piccinni, O. and Pichot, M. and Pickenpack, M. and Piergiovanni, F. and Pierro, V. and Pillant, G. and Pinard, L. and Pinto, I. M. and Pitkin, M. and Poeld, J. H. and Poggiani, R. and Popolizio, P. and Post, A. and Powell, J. and Prasad, J. and Predoi, V. and Premachandra, S. S. and Prestegard, T. and Price, L. R. and Prijatelj, M. and Principe, M. and Privitera, S. and Prix, R. and Prodi, G. A. and Prokhorov, L. and Puncken, O. and Punturo, M. and Puppo, P. and Pürrer, M. and Qi, H. and Qin, J. and Quetschke, V. and Quintero, E. A. and Quitzow-James, R. and Raab, F. J. and Rabeling, D. S. and Radkins, H. and Raffai, P. and Raja, S. and Rakhmanov, M. and Ramet, C. R. and Rapagnani, P. and Raymond, V. and Razzano, M. and Re, V. and Read, J. and Reed, C. M. and Regimbau, T. and Rei, L. and Reid, S. and Reitze, D. H. and Rew, H. and Reyes, S. D. and Ricci, F. and Riles, K. and Robertson, N. A. and Robie, R. and Robinet, F. and Rocchi, A. and Rolland, L. and Rollins, J. G. and Roma, V. J. and Romano, J. D. and Romano, R. and Romanov, G. and Romie, J. H. and Rosińska, D. and Rowan, S. and Rüdiger, A. and Ruggi, P. and Ryan, K. and Sachdev, S. and Sadecki, T. and Sadeghian, L. and Salconi, L. and Saleem, M. and Salemi, F. and Samajdar, A. and Sammut, L. and Sampson, L. M. and Sanchez, E. J. and Sandberg, V. and Sandeen, B. and Sanders, G. H. and Sanders, J. R. and Sassolas, B. and Sathyaprakash, B. S. and Saulson, P. R. and Sauter, O. and Savage, R. L. and Sawadsky, A. and Schale, P. and Schilling, R. and Schmidt, J. and Schmidt, P. and Schnabel, R. and Schofield, R. M. S. and Schönbeck, A. and Schreiber, E. and Schuette, D. and Schutz, B. F. and Scott, J. and Scott, S. M. and Sellers, D. and Sengupta, A. S. and Sentenac, D. and Sequino, V. and Sergeev, A. and Serna, G. and Setyawati, Y. and Sevigny, A. and Shaddock, D. A. and Shaffer, T. and Shah, S. and Shahriar, M. S. and Shaltev, M. and Shao, Z. and Shapiro, B. and Shawhan, P. and Sheperd, A. and Shoemaker, D. H. and Shoemaker, D. M. and Siellez, K. and Siemens, X. and Sigg, D. and Silva, A. D. and Simakov, D. and Singer, A. and Singer, L. P. and Singh, A. and Singh, R. and Singhal, A. and Sintes, A. M. and Slagmolen, B. J. J. and Smith, J. R. and Smith, M. R. and Smith, N. D. and Smith, R. J. E. and Son, E. J. and Sorazu, B. and Sorrentino, F. and Souradeep, T. and Srivastava, A. K. and Staley, A. and Steinke, M. and Steinlechner, J. and Steinlechner, S. and Steinmeyer, D. and Stephens, B. C. and Stevenson, S. P. and Stone, R. and Strain, K. A. and Straniero, N. and Stratta, G. and Strauss, N. A. and Strigin, S. and Sturani, R. and Stuver, A. L. and Summerscales, T. Z. and Sun, L. and Sutton, P. J. and Swinkels, B. L. and Szczepańczyk, M. J. and Tacca, M. and Talukder, D. and Tanner, D. B. and Tápai, M. and Tarabrin, S. P. and Taracchini, A. and Taylor, R. and Theeg, T. and Thirugnanasambandam, M. P. and Thomas, E. G. and Thomas, M. and Thomas, P. and Thorne, K. A. and Thorne, K. S. and Thrane, E. and Tiwari, S. and Tiwari, V. and Tokmakov, K. V. and Tomlinson, C. and Tonelli, M. and Torres, C. V. and Torrie, C. I. and Töyrä, D. and Travasso, F. and Traylor, G. and Trifirò, D. and Tringali, M. C. and Trozzo, L. and Tse, M. and Turconi, M. and Tuyenbayev, D. and Ugolini, D. and Unnikrishnan, C. S. and Urban, A. L. and Usman, S. A. and Vahlbruch, H. and Vajente, G. and Valdes, G. and Vallisneri, M. and van Bakel, N. and van Beuzekom, M. and van den Brand, J. F. J. and Van Den Broeck, C. and Vander-Hyde, D. C. and van der Schaaf, L. and van Heijningen, J. V. and van Veggel, A. A. and Vardaro, M. and Vass, S. and Vasúth, M. and Vaulin, R. and Vecchio, A. and Vedovato, G. and Veitch, J. and Veitch, P. J. and Venkateswara, K. and Verkindt, D. and Vetrano, F. and Viceré, A. and Vinciguerra, S. and Vine, D. J. and Vinet, J.-Y. and Vitale, S. and Vo, T. and Vocca, H. and Vorvick, C. and Voss, D. and Vousden, W. D. and Vyatchanin, S. P. and Wade, A. R. and Wade, L. E. and Wade, M. and Waldman, S. J. and Walker, M. and Wallace, L. and Walsh, S. and Wang, G. and Wang, H. and Wang, M. and Wang, X. and Wang, Y. and Ward, H. and Ward, R. L. and Warner, J. and Was, M. and Weaver, B. and Wei, L.-W. and Weinert, M. and Weinstein, A. J. and Weiss, R. and Welborn, T. and Wen, L. and Weßels, P. and Westphal, T. and Wette, K. and Whelan, J. T. and Whitcomb, S. E. and White, D. J. and Whiting, B. F. and Wiesner, K. and Wilkinson, C. and Willems, P. A. and Williams, L. and Williams, R. D. and Williamson, A. R. and Willis, J. L. and Willke, B. and Wimmer, M. H. and Winkelmann, L. and Winkler, W. and Wipf, C. C. and Wiseman, A. G. and Wittel, H. and Woan, G. and Worden, J. and Wright, J. L. and Wu, G. and Yablon, J. and Yakushin, I. and Yam, W. and Yamamoto, H. and Yancey, C. C. and Yap, M. J. and Yu, H. and Yvert, M. and Zadrożny, A. and Zangrando, L. and Zanolin, M. and Zendri, J.-P. and Zevin, M. and Zhang, F. and Zhang, L. and Zhang, M. and Zhang, Y. and Zhao, C. and Zhou, M. and Zhou, Z. and Zhu, X. J. and Zucker, M. E. and Zuraw, S. E. and Zweizig, J. and {LIGO Scientific Collaboration and Virgo Collaboration}},
	urldate = {2018-07-04},
	date = {2016-02-11},
	langid = {english},
	file = {Abbott et al. - 2016 - Observation of Gravitational Waves from a Binary B.pdf:/Users/lorenzosperi/Zotero/storage/UKTK99L2/Abbott et al. - 2016 - Observation of Gravitational Waves from a Binary B.pdf:application/pdf}
}


@article{abbott_gw170817:_2017,
	title = {{GW}170817: Observation of Gravitational Waves from a Binary Neutron Star Inspiral},
	volume = {119},
	issn = {0031-9007, 1079-7114},
	url = {https://link.aps.org/doi/10.1103/PhysRevLett.119.161101},
	doi = {10.1103/PhysRevLett.119.161101},
	shorttitle = {{GW}170817},
	number = {16},
	journaltitle = {Physical Review Letters},
	author = {Abbott, B. P. and Abbott, R. and Abbott, T. D. and Acernese, F. and Ackley, K. and Adams, C. and Adams, T. and Addesso, P. and Adhikari, R. X. and Adya, V. B. and Affeldt, C. and Afrough, M. and Agarwal, B. and Agathos, M. and Agatsuma, K. and Aggarwal, N. and Aguiar, O. D. and Aiello, L. and Ain, A. and Ajith, P. and Allen, B. and Allen, G. and Allocca, A. and Altin, P. A. and Amato, A. and Ananyeva, A. and Anderson, S. B. and Anderson, W. G. and Angelova, S. V. and Antier, S. and Appert, S. and Arai, K. and Araya, M. C. and Areeda, J. S. and Arnaud, N. and Arun, K. G. and Ascenzi, S. and Ashton, G. and Ast, M. and Aston, S. M. and Astone, P. and Atallah, D. V. and Aufmuth, P. and Aulbert, C. and AultONeal, K. and Austin, C. and Avila-Alvarez, A. and Babak, S. and Bacon, P. and Bader, M. K. M. and Bae, S. and Bailes, M. and Baker, P. T. and Baldaccini, F. and Ballardin, G. and Ballmer, S. W. and Banagiri, S. and Barayoga, J. C. and Barclay, S. E. and Barish, B. C. and Barker, D. and Barkett, K. and Barone, F. and Barr, B. and Barsotti, L. and Barsuglia, M. and Barta, D. and Barthelmy, S. D. and Bartlett, J. and Bartos, I. and Bassiri, R. and Basti, A. and Batch, J. C. and Bawaj, M. and Bayley, J. C. and Bazzan, M. and Bécsy, B. and Beer, C. and Bejger, M. and Belahcene, I. and Bell, A. S. and Berger, B. K. and Bergmann, G. and Bernuzzi, S. and Bero, J. J. and Berry, C. P. L. and Bersanetti, D. and Bertolini, A. and Betzwieser, J. and Bhagwat, S. and Bhandare, R. and Bilenko, I. A. and Billingsley, G. and Billman, C. R. and Birch, J. and Birney, R. and Birnholtz, O. and Biscans, S. and Biscoveanu, S. and Bisht, A. and Bitossi, M. and Biwer, C. and Bizouard, M. A. and Blackburn, J. K. and Blackman, J. and Blair, C. D. and Blair, D. G. and Blair, R. M. and Bloemen, S. and Bock, O. and Bode, N. and Boer, M. and Bogaert, G. and Bohe, A. and Bondu, F. and Bonilla, E. and Bonnand, R. and Boom, B. A. and Bork, R. and Boschi, V. and Bose, S. and Bossie, K. and Bouffanais, Y. and Bozzi, A. and Bradaschia, C. and Brady, P. R. and Branchesi, M. and Brau, J. E. and Briant, T. and Brillet, A. and Brinkmann, M. and Brisson, V. and Brockill, P. and Broida, J. E. and Brooks, A. F. and Brown, D. A. and Brown, D. D. and Brunett, S. and Buchanan, C. C. and Buikema, A. and Bulik, T. and Bulten, H. J. and Buonanno, A. and Buskulic, D. and Buy, C. and Byer, R. L. and Cabero, M. and Cadonati, L. and Cagnoli, G. and Cahillane, C. and Calderón Bustillo, J. and Callister, T. A. and Calloni, E. and Camp, J. B. and Canepa, M. and Canizares, P. and Cannon, K. C. and Cao, H. and Cao, J. and Capano, C. D. and Capocasa, E. and Carbognani, F. and Caride, S. and Carney, M. F. and Carullo, G. and Casanueva Diaz, J. and Casentini, C. and Caudill, S. and Cavaglià, M. and Cavalier, F. and Cavalieri, R. and Cella, G. and Cepeda, C. B. and Cerdá-Durán, P. and Cerretani, G. and Cesarini, E. and Chamberlin, S. J. and Chan, M. and Chao, S. and Charlton, P. and Chase, E. and Chassande-Mottin, E. and Chatterjee, D. and Chatziioannou, K. and Cheeseboro, B. D. and Chen, H. Y. and Chen, X. and Chen, Y. and Cheng, H.-P. and Chia, H. and Chincarini, A. and Chiummo, A. and Chmiel, T. and Cho, H. S. and Cho, M. and Chow, J. H. and Christensen, N. and Chu, Q. and Chua, A. J. K. and Chua, S. and Chung, A. K. W. and Chung, S. and Ciani, G. and Ciolfi, R. and Cirelli, C. E. and Cirone, A. and Clara, F. and Clark, J. A. and Clearwater, P. and Cleva, F. and Cocchieri, C. and Coccia, E. and Cohadon, P.-F. and Cohen, D. and Colla, A. and Collette, C. G. and Cominsky, L. R. and Constancio, M. and Conti, L. and Cooper, S. J. and Corban, P. and Corbitt, T. R. and Cordero-Carrión, I. and Corley, K. R. and Cornish, N. and Corsi, A. and Cortese, S. and Costa, C. A. and Coughlin, M. W. and Coughlin, S. B. and Coulon, J.-P. and Countryman, S. T. and Couvares, P. and Covas, P. B. and Cowan, E. E. and Coward, D. M. and Cowart, M. J. and Coyne, D. C. and Coyne, R. and Creighton, J. D. E. and Creighton, T. D. and Cripe, J. and Crowder, S. G. and Cullen, T. J. and Cumming, A. and Cunningham, L. and Cuoco, E. and Dal Canton, T. and Dálya, G. and Danilishin, S. L. and D’Antonio, S. and Danzmann, K. and Dasgupta, A. and Da Silva Costa, C. F. and Dattilo, V. and Dave, I. and Davier, M. and Davis, D. and Daw, E. J. and Day, B. and De, S. and DeBra, D. and Degallaix, J. and De Laurentis, M. and Deléglise, S. and Del Pozzo, W. and Demos, N. and Denker, T. and Dent, T. and De Pietri, R. and Dergachev, V. and De Rosa, R. and DeRosa, R. T. and De Rossi, C. and DeSalvo, R. and de Varona, O. and Devenson, J. and Dhurandhar, S. and Díaz, M. C. and Dietrich, T. and Di Fiore, L. and Di Giovanni, M. and Di Girolamo, T. and Di Lieto, A. and Di Pace, S. and Di Palma, I. and Di Renzo, F. and Doctor, Z. and Dolique, V. and Donovan, F. and Dooley, K. L. and Doravari, S. and Dorrington, I. and Douglas, R. and Dovale Álvarez, M. and Downes, T. P. and Drago, M. and Dreissigacker, C. and Driggers, J. C. and Du, Z. and Ducrot, M. and Dudi, R. and Dupej, P. and Dwyer, S. E. and Edo, T. B. and Edwards, M. C. and Effler, A. and Eggenstein, H.-B. and Ehrens, P. and Eichholz, J. and Eikenberry, S. S. and Eisenstein, R. A. and Essick, R. C. and Estevez, D. and Etienne, Z. B. and Etzel, T. and Evans, M. and Evans, T. M. and Factourovich, M. and Fafone, V. and Fair, H. and Fairhurst, S. and Fan, X. and Farinon, S. and Farr, B. and Farr, W. M. and Fauchon-Jones, E. J. and Favata, M. and Fays, M. and Fee, C. and Fehrmann, H. and Feicht, J. and Fejer, M. M. and Fernandez-Galiana, A. and Ferrante, I. and Ferreira, E. C. and Ferrini, F. and Fidecaro, F. and Finstad, D. and Fiori, I. and Fiorucci, D. and Fishbach, M. and Fisher, R. P. and Fitz-Axen, M. and Flaminio, R. and Fletcher, M. and Fong, H. and Font, J. A. and Forsyth, P. W. F. and Forsyth, S. S. and Fournier, J.-D. and Frasca, S. and Frasconi, F. and Frei, Z. and Freise, A. and Frey, R. and Frey, V. and Fries, E. M. and Fritschel, P. and Frolov, V. V. and Fulda, P. and Fyffe, M. and Gabbard, H. and Gadre, B. U. and Gaebel, S. M. and Gair, J. R. and Gammaitoni, L. and Ganija, M. R. and Gaonkar, S. G. and Garcia-Quiros, C. and Garufi, F. and Gateley, B. and Gaudio, S. and Gaur, G. and Gayathri, V. and Gehrels, N. and Gemme, G. and Genin, E. and Gennai, A. and George, D. and George, J. and Gergely, L. and Germain, V. and Ghonge, S. and Ghosh, Abhirup and Ghosh, Archisman and Ghosh, S. and Giaime, J. A. and Giardina, K. D. and Giazotto, A. and Gill, K. and Glover, L. and Goetz, E. and Goetz, R. and Gomes, S. and Goncharov, B. and González, G. and Gonzalez Castro, J. M. and Gopakumar, A. and Gorodetsky, M. L. and Gossan, S. E. and Gosselin, M. and Gouaty, R. and Grado, A. and Graef, C. and Granata, M. and Grant, A. and Gras, S. and Gray, C. and Greco, G. and Green, A. C. and Gretarsson, E. M. and Groot, P. and Grote, H. and Grunewald, S. and Gruning, P. and Guidi, G. M. and Guo, X. and Gupta, A. and Gupta, M. K. and Gushwa, K. E. and Gustafson, E. K. and Gustafson, R. and Halim, O. and Hall, B. R. and Hall, E. D. and Hamilton, E. Z. and Hammond, G. and Haney, M. and Hanke, M. M. and Hanks, J. and Hanna, C. and Hannam, M. D. and Hannuksela, O. A. and Hanson, J. and Hardwick, T. and Harms, J. and Harry, G. M. and Harry, I. W. and Hart, M. J. and Haster, C.-J. and Haughian, K. and Healy, J. and Heidmann, A. and Heintze, M. C. and Heitmann, H. and Hello, P. and Hemming, G. and Hendry, M. and Heng, I. S. and Hennig, J. and Heptonstall, A. W. and Heurs, M. and Hild, S. and Hinderer, T. and Ho, W. C. G. and Hoak, D. and Hofman, D. and Holt, K. and Holz, D. E. and Hopkins, P. and Horst, C. and Hough, J. and Houston, E. A. and Howell, E. J. and Hreibi, A. and Hu, Y. M. and Huerta, E. A. and Huet, D. and Hughey, B. and Husa, S. and Huttner, S. H. and Huynh-Dinh, T. and Indik, N. and Inta, R. and Intini, G. and Isa, H. N. and Isac, J.-M. and Isi, M. and Iyer, B. R. and Izumi, K. and Jacqmin, T. and Jani, K. and Jaranowski, P. and Jawahar, S. and Jiménez-Forteza, F. and Johnson, W. W. and Johnson-McDaniel, N. K. and Jones, D. I. and Jones, R. and Jonker, R. J. G. and Ju, L. and Junker, J. and Kalaghatgi, C. V. and Kalogera, V. and Kamai, B. and Kandhasamy, S. and Kang, G. and Kanner, J. B. and Kapadia, S. J. and Karki, S. and Karvinen, K. S. and Kasprzack, M. and Kastaun, W. and Katolik, M. and Katsavounidis, E. and Katzman, W. and Kaufer, S. and Kawabe, K. and Kéfélian, F. and Keitel, D. and Kemball, A. J. and Kennedy, R. and Kent, C. and Key, J. S. and Khalili, F. Y. and Khan, I. and Khan, S. and Khan, Z. and Khazanov, E. A. and Kijbunchoo, N. and Kim, Chunglee and Kim, J. C. and Kim, K. and Kim, W. and Kim, W. S. and Kim, Y.-M. and Kimbrell, S. J. and King, E. J. and King, P. J. and Kinley-Hanlon, M. and Kirchhoff, R. and Kissel, J. S. and Kleybolte, L. and Klimenko, S. and Knowles, T. D. and Koch, P. and Koehlenbeck, S. M. and Koley, S. and Kondrashov, V. and Kontos, A. and Korobko, M. and Korth, W. Z. and Kowalska, I. and Kozak, D. B. and Krämer, C. and Kringel, V. and Krishnan, B. and Królak, A. and Kuehn, G. and Kumar, P. and Kumar, R. and Kumar, S. and Kuo, L. and Kutynia, A. and Kwang, S. and Lackey, B. D. and Lai, K. H. and Landry, M. and Lang, R. N. and Lange, J. and Lantz, B. and Lanza, R. K. and Larson, S. L. and Lartaux-Vollard, A. and Lasky, P. D. and Laxen, M. and Lazzarini, A. and Lazzaro, C. and Leaci, P. and Leavey, S. and Lee, C. H. and Lee, H. K. and Lee, H. M. and Lee, H. W. and Lee, K. and Lehmann, J. and Lenon, A. and Leon, E. and Leonardi, M. and Leroy, N. and Letendre, N. and Levin, Y. and Li, T. G. F. and Linker, S. D. and Littenberg, T. B. and Liu, J. and Liu, X. and Lo, R. K. L. and Lockerbie, N. A. and London, L. T. and Lord, J. E. and Lorenzini, M. and Loriette, V. and Lormand, M. and Losurdo, G. and Lough, J. D. and Lousto, C. O. and Lovelace, G. and Lück, H. and Lumaca, D. and Lundgren, A. P. and Lynch, R. and Ma, Y. and Macas, R. and Macfoy, S. and Machenschalk, B. and MacInnis, M. and Macleod, D. M. and Magaña Hernandez, I. and Magaña-Sandoval, F. and Magaña Zertuche, L. and Magee, R. M. and Majorana, E. and Maksimovic, I. and Man, N. and Mandic, V. and Mangano, V. and Mansell, G. L. and Manske, M. and Mantovani, M. and Marchesoni, F. and Marion, F. and Márka, S. and Márka, Z. and Markakis, C. and Markosyan, A. S. and Markowitz, A. and Maros, E. and Marquina, A. and Marsh, P. and Martelli, F. and Martellini, L. and Martin, I. W. and Martin, R. M. and Martynov, D. V. and Marx, J. N. and Mason, K. and Massera, E. and Masserot, A. and Massinger, T. J. and Masso-Reid, M. and Mastrogiovanni, S. and Matas, A. and Matichard, F. and Matone, L. and Mavalvala, N. and Mazumder, N. and McCarthy, R. and McClelland, D. E. and McCormick, S. and McCuller, L. and McGuire, S. C. and McIntyre, G. and McIver, J. and McManus, D. J. and McNeill, L. and McRae, T. and McWilliams, S. T. and Meacher, D. and Meadors, G. D. and Mehmet, M. and Meidam, J. and Mejuto-Villa, E. and Melatos, A. and Mendell, G. and Mercer, R. A. and Merilh, E. L. and Merzougui, M. and Meshkov, S. and Messenger, C. and Messick, C. and Metzdorff, R. and Meyers, P. M. and Miao, H. and Michel, C. and Middleton, H. and Mikhailov, E. E. and Milano, L. and Miller, A. L. and Miller, B. B. and Miller, J. and Millhouse, M. and Milovich-Goff, M. C. and Minazzoli, O. and Minenkov, Y. and Ming, J. and Mishra, C. and Mitra, S. and Mitrofanov, V. P. and Mitselmakher, G. and Mittleman, R. and Moffa, D. and Moggi, A. and Mogushi, K. and Mohan, M. and Mohapatra, S. R. P. and Molina, I. and Montani, M. and Moore, C. J. and Moraru, D. and Moreno, G. and Morisaki, S. and Morriss, S. R. and Mours, B. and Mow-Lowry, C. M. and Mueller, G. and Muir, A. W. and Mukherjee, Arunava and Mukherjee, D. and Mukherjee, S. and Mukund, N. and Mullavey, A. and Munch, J. and Muñiz, E. A. and Muratore, M. and Murray, P. G. and Nagar, A. and Napier, K. and Nardecchia, I. and Naticchioni, L. and Nayak, R. K. and Neilson, J. and Nelemans, G. and Nelson, T. J. N. and Nery, M. and Neunzert, A. and Nevin, L. and Newport, J. M. and Newton, G. and Ng, K. K. Y. and Nguyen, P. and Nguyen, T. T. and Nichols, D. and Nielsen, A. B. and Nissanke, S. and Nitz, A. and Noack, A. and Nocera, F. and Nolting, D. and North, C. and Nuttall, L. K. and Oberling, J. and O’Dea, G. D. and Ogin, G. H. and Oh, J. J. and Oh, S. H. and Ohme, F. and Okada, M. A. and Oliver, M. and Oppermann, P. and Oram, Richard J. and O’Reilly, B. and Ormiston, R. and Ortega, L. F. and O’Shaughnessy, R. and Ossokine, S. and Ottaway, D. J. and Overmier, H. and Owen, B. J. and Pace, A. E. and Page, J. and Page, M. A. and Pai, A. and Pai, S. A. and Palamos, J. R. and Palashov, O. and Palomba, C. and Pal-Singh, A. and Pan, Howard and Pan, Huang-Wei and Pang, B. and Pang, P. T. H. and Pankow, C. and Pannarale, F. and Pant, B. C. and Paoletti, F. and Paoli, A. and Papa, M. A. and Parida, A. and Parker, W. and Pascucci, D. and Pasqualetti, A. and Passaquieti, R. and Passuello, D. and Patil, M. and Patricelli, B. and Pearlstone, B. L. and Pedraza, M. and Pedurand, R. and Pekowsky, L. and Pele, A. and Penn, S. and Perez, C. J. and Perreca, A. and Perri, L. M. and Pfeiffer, H. P. and Phelps, M. and Piccinni, O. J. and Pichot, M. and Piergiovanni, F. and Pierro, V. and Pillant, G. and Pinard, L. and Pinto, I. M. and Pirello, M. and Pitkin, M. and Poe, M. and Poggiani, R. and Popolizio, P. and Porter, E. K. and Post, A. and Powell, J. and Prasad, J. and Pratt, J. W. W. and Pratten, G. and Predoi, V. and Prestegard, T. and Prijatelj, M. and Principe, M. and Privitera, S. and Prix, R. and Prodi, G. A. and Prokhorov, L. G. and Puncken, O. and Punturo, M. and Puppo, P. and Pürrer, M. and Qi, H. and Quetschke, V. and Quintero, E. A. and Quitzow-James, R. and Raab, F. J. and Rabeling, D. S. and Radkins, H. and Raffai, P. and Raja, S. and Rajan, C. and Rajbhandari, B. and Rakhmanov, M. and Ramirez, K. E. and Ramos-Buades, A. and Rapagnani, P. and Raymond, V. and Razzano, M. and Read, J. and Regimbau, T. and Rei, L. and Reid, S. and Reitze, D. H. and Ren, W. and Reyes, S. D. and Ricci, F. and Ricker, P. M. and Rieger, S. and Riles, K. and Rizzo, M. and Robertson, N. A. and Robie, R. and Robinet, F. and Rocchi, A. and Rolland, L. and Rollins, J. G. and Roma, V. J. and Romano, J. D. and Romano, R. and Romel, C. L. and Romie, J. H. and Rosińska, D. and Ross, M. P. and Rowan, S. and Rüdiger, A. and Ruggi, P. and Rutins, G. and Ryan, K. and Sachdev, S. and Sadecki, T. and Sadeghian, L. and Sakellariadou, M. and Salconi, L. and Saleem, M. and Salemi, F. and Samajdar, A. and Sammut, L. and Sampson, L. M. and Sanchez, E. J. and Sanchez, L. E. and Sanchis-Gual, N. and Sandberg, V. and Sanders, J. R. and Sassolas, B. and Sathyaprakash, B. S. and Saulson, P. R. and Sauter, O. and Savage, R. L. and Sawadsky, A. and Schale, P. and Scheel, M. and Scheuer, J. and Schmidt, J. and Schmidt, P. and Schnabel, R. and Schofield, R. M. S. and Schönbeck, A. and Schreiber, E. and Schuette, D. and Schulte, B. W. and Schutz, B. F. and Schwalbe, S. G. and Scott, J. and Scott, S. M. and Seidel, E. and Sellers, D. and Sengupta, A. S. and Sentenac, D. and Sequino, V. and Sergeev, A. and Shaddock, D. A. and Shaffer, T. J. and Shah, A. A. and Shahriar, M. S. and Shaner, M. B. and Shao, L. and Shapiro, B. and Shawhan, P. and Sheperd, A. and Shoemaker, D. H. and Shoemaker, D. M. and Siellez, K. and Siemens, X. and Sieniawska, M. and Sigg, D. and Silva, A. D. and Singer, L. P. and Singh, A. and Singhal, A. and Sintes, A. M. and Slagmolen, B. J. J. and Smith, B. and Smith, J. R. and Smith, R. J. E. and Somala, S. and Son, E. J. and Sonnenberg, J. A. and Sorazu, B. and Sorrentino, F. and Souradeep, T. and Spencer, A. P. and Srivastava, A. K. and Staats, K. and Staley, A. and Steinke, M. and Steinlechner, J. and Steinlechner, S. and Steinmeyer, D. and Stevenson, S. P. and Stone, R. and Stops, D. J. and Strain, K. A. and Stratta, G. and Strigin, S. E. and Strunk, A. and Sturani, R. and Stuver, A. L. and Summerscales, T. Z. and Sun, L. and Sunil, S. and Suresh, J. and Sutton, P. J. and Swinkels, B. L. and Szczepańczyk, M. J. and Tacca, M. and Tait, S. C. and Talbot, C. and Talukder, D. and Tanner, D. B. and Tápai, M. and Taracchini, A. and Tasson, J. D. and Taylor, J. A. and Taylor, R. and Tewari, S. V. and Theeg, T. and Thies, F. and Thomas, E. G. and Thomas, M. and Thomas, P. and Thorne, K. A. and Thorne, K. S. and Thrane, E. and Tiwari, S. and Tiwari, V. and Tokmakov, K. V. and Toland, K. and Tonelli, M. and Tornasi, Z. and Torres-Forné, A. and Torrie, C. I. and Töyrä, D. and Travasso, F. and Traylor, G. and Trinastic, J. and Tringali, M. C. and Trozzo, L. and Tsang, K. W. and Tse, M. and Tso, R. and Tsukada, L. and Tsuna, D. and Tuyenbayev, D. and Ueno, K. and Ugolini, D. and Unnikrishnan, C. S. and Urban, A. L. and Usman, S. A. and Vahlbruch, H. and Vajente, G. and Valdes, G. and Vallisneri, M. and van Bakel, N. and van Beuzekom, M. and van den Brand, J. F. J. and Van Den Broeck, C. and Vander-Hyde, D. C. and van der Schaaf, L. and van Heijningen, J. V. and van Veggel, A. A. and Vardaro, M. and Varma, V. and Vass, S. and Vasúth, M. and Vecchio, A. and Vedovato, G. and Veitch, J. and Veitch, P. J. and Venkateswara, K. and Venugopalan, G. and Verkindt, D. and Vetrano, F. and Viceré, A. and Viets, A. D. and Vinciguerra, S. and Vine, D. J. and Vinet, J.-Y. and Vitale, S. and Vo, T. and Vocca, H. and Vorvick, C. and Vyatchanin, S. P. and Wade, A. R. and Wade, L. E. and Wade, M. and Walet, R. and Walker, M. and Wallace, L. and Walsh, S. and Wang, G. and Wang, H. and Wang, J. Z. and Wang, W. H. and Wang, Y. F. and Ward, R. L. and Warner, J. and Was, M. and Watchi, J. and Weaver, B. and Wei, L.-W. and Weinert, M. and Weinstein, A. J. and Weiss, R. and Wen, L. and Wessel, E. K. and Weßels, P. and Westerweck, J. and Westphal, T. and Wette, K. and Whelan, J. T. and Whitcomb, S. E. and Whiting, B. F. and Whittle, C. and Wilken, D. and Williams, D. and Williams, R. D. and Williamson, A. R. and Willis, J. L. and Willke, B. and Wimmer, M. H. and Winkler, W. and Wipf, C. C. and Wittel, H. and Woan, G. and Woehler, J. and Wofford, J. and Wong, K. W. K. and Worden, J. and Wright, J. L. and Wu, D. S. and Wysocki, D. M. and Xiao, S. and Yamamoto, H. and Yancey, C. C. and Yang, L. and Yap, M. J. and Yazback, M. and Yu, Hang and Yu, Haocun and Yvert, M. and Zadrożny, A. and Zanolin, M. and Zelenova, T. and Zendri, J.-P. and Zevin, M. and Zhang, L. and Zhang, M. and Zhang, T. and Zhang, Y.-H. and Zhao, C. and Zhou, M. and Zhou, Z. and Zhu, S. J. and Zhu, X. J. and Zimmerman, A. B. and Zucker, M. E. and Zweizig, J. and {LIGO Scientific Collaboration and Virgo Collaboration}},
	urldate = {2018-07-04},
	date = {2017-10-16},
	langid = {english},
	file = {Abbott et al. - 2017 - GW170817 Observation of Gravitational Waves from .pdf:/Users/lorenzosperi/Zotero/storage/FEWY75EK/Abbott et al. - 2017 - GW170817 Observation of Gravitational Waves from .pdf:application/pdf}
}

@online{codata_blog_codata_nodate,
	title = {{CODATA} Recommended Values of the Fundamental Physical Constants: 2014 {\textbar} {CODATA} Blog},
	url = {https://codata.org/blog/2015/08/04/codata-recommended-values-of-the-fundamental-physical-constants-2014/},
	shorttitle = {{CODATA} Recommended Values of the Fundamental Physical Constants},
	author = {{codata\_blog}},
	urldate = {2018-04-14},
	langid = {american},
	file = {Snapshot:/Users/lorenzosperi/Zotero/storage/GNJKYU5K/codata-recommended-values-of-the-fundamental-physical-constants-2014.html:text/html}
}

@article{weinsteinEinsteinDiscoveryGravitational2016,
  archivePrefix = {arXiv},
  eprinttype = {arxiv},
  eprint = {1602.04040},
  primaryClass = {physics},
  title = {Einstein's {{Discovery}} of {{Gravitational Waves}} 1916-1918},
  abstract = {In his 1916 ground-breaking general relativity paper Einstein had imposed a restrictive coordinate condition, his field equations were valid for coordinate systems which are unimodular. Later, Einstein published a paper on gravitational waves. The solution presented in this paper did not satisfy the above restrictive condition. In his gravitational waves paper, Einstein concluded that gravitational fields propagate at the speed of light. The solution is the Minkowski flat metric plus a small disturbance propagating in a flat spacetime. Einstein calculated the small deviation from Minkowski metric in a manner analogous to that of retarded potentials in electrodynamics. However, in obtaining the above derivation, Einstein made a mathematical error. This error caused him to obtain three different types of waves compatible with his approximate field equations: longitudinal waves, transverse waves and a new type of wave. Einstein added an Addendum in which he suggested that in systems in unimodular coordinates only waves of the third type occur and these waves transport energy. He became obsessed with his unimodular coordinates. Einstein's colleagues demonstrated to him that in the coordinate system in unimodular coordinates the gravitational wave of a mass point carry no energy, but Einstein tried to persuade them that he had actually not made a mistake in his gravitational waves paper. Einstein, however, eventually accepted his colleagues results and dropped the restrictive unimodular coordinates. This finally led him to discover plane transverse gravitational waves.},
  journal = {arXiv:1602.04040 [physics]},
  author = {Weinstein, Galina},
  month = feb,
  year = {2016},
  keywords = {Physics - History and Philosophy of Physics},
  file = {/Users/lorenzosperi/Zotero/storage/GM32BS23/Weinstein - 2016 - Einstein's Discovery of Gravitational Waves 1916-1.pdf;/Users/lorenzosperi/Zotero/storage/6V2DU3IX/1602.html}
}

@book{carroll_spacetime_2003,
	location = {San Francisco},
	title = {Spacetime and Geometry: An Introduction to General Relativity},
	isbn = {978-0-8053-8732-2},
	shorttitle = {Spacetime and Geometry},
	abstract = {Spacetime and Geometry: An Introduction to General Relativity provides a lucid and thoroughly modern introduction to general relativity. With an accessible and lively writing style, it introduces modern techniques to what can often be a formal and intimidating subject. Readers are led from the physics of flat spacetime (special relativity), through the intricacies of differential geometry and Einstein's equations, and on to exciting applications such as black holes, gravitational radiation, and cosmology.},
	pagetotal = {513},
	publisher = {Pearson},
	author = {Carroll, Sean},
	date = {2003-09-28}
}

@article{ferrari_quadrupole_nodate,
	title = {{THE} {QUADRUPOLE} {FORMALISM} {APPLIED} {TO} {BINARY} {SYSTEMS}},
	author = {Ferrari, Valeria},
	langid = {english},
	file = {Ferrari - THE QUADRUPOLE FORMALISM APPLIED TO BINARY SYSTEMS.pdf:/Users/lorenzosperi/Zotero/storage/Y9PPDVVD/Ferrari - THE QUADRUPOLE FORMALISM APPLIED TO BINARY SYSTEMS.pdf:application/pdf}
}

@article{flanagan_basics_2005,
	title = {The basics of gravitational wave theory},
	volume = {7},
	issn = {1367-2630},
	url = {http://arxiv.org/abs/gr-qc/0501041},
	doi = {10.1088/1367-2630/7/1/204},
	abstract = {Einstein's special theory of relativity revolutionized physics by teaching us that space and time are not separate entities, but join as ``spacetime''. His general theory of relativity further taught us that spacetime is not just a stage on which dynamics takes place, but is a participant: The field equation of general relativity connects matter dynamics to the curvature of spacetime. Curvature is responsible for gravity, carrying us beyond the Newtonian conception of gravity that had been in place for the previous two and a half centuries. Much research in gravitation since then has explored and clarified the consequences of this revolution; the notion of dynamical spacetime is now firmly established in the toolkit of modern physics. Indeed, this notion is so well established that we may now contemplate using spacetime as a tool for other science. One aspect of dynamical spacetime -- its radiative character, ``gravitational radiation'' -- will inaugurate entirely new techniques for observing violent astrophysical processes. Over the next one hundred years, much of this subject's excitement will come from learning how to exploit spacetime as a tool for astronomy. This article is intended as a tutorial in the basics of gravitational radiation physics.},
	pages = {204--204},
	journaltitle = {New Journal of Physics},
	author = {Flanagan, Eanna E. and Hughes, Scott A.},
	urldate = {2018-04-17},
	date = {2005-09-29},
	eprinttype = {arxiv},
	eprint = {gr-qc/0501041},
	keywords = {Astrophysics, General Relativity and Quantum Cosmology},
	annotation = {Comment: 49 pages, 3 figures. For special issue of New Journal of Physics, "Spacetime 100 Years Later", edited by Richard Price and Jorge Pullin. This version corrects an important error in Eq. (4.23); an erratum is in press},
	file = {arXiv\:gr-qc/0501041 PDF:/Users/lorenzosperi/Zotero/storage/SSM7JAYJ/Flanagan e Hughes - 2005 - The basics of gravitational wave theory.pdf:application/pdf;arXiv.org Snapshot:/Users/lorenzosperi/Zotero/storage/U8F7KIRN/0501041.html:text/html}
}

@article{thorne_gravitational_1995,
	title = {Gravitational Waves},
	url = {http://arxiv.org/abs/gr-qc/9506086},
	journaltitle = {{arXiv}:gr-qc/9506086},
	author = {Thorne, Kip S.},
	urldate = {2018-06-23},
	date = {1995-06-30},
	eprinttype = {arxiv},
	eprint = {gr-qc/9506086},
}

@article{LIGOLaserInterferometer1992,
  title = {{{LIGO}}: {{The Laser Interferometer Gravitational}}-{{Wave Observatory Author}}(s): {{Alex Abramovici}}, {{William E}}. {{Althouse}}, {{Ronald W}}. {{P}}. {{Drever}}, {{Yekta G{\"u}rsel}}, {{Seiji Kawamura}}, {{Frederick J}}. {{Raab}}, {{David Shoemaker}}, {{Lisa Sievers}}, {{Robert E}}. {{Spero}}, {{Kip S}}. {{Thorne}}, {{Rochus E}}. {{Vogt}}, {{Rainer Weiss}}, {{Stanley E}}. {{Whitcomb}}, {{Michael E}}. {{Zucker}}},
  volume = {256},
  number = {5055,},
  journal = {Science, New Series},
  year = {1992},
  pages = {325-333},
  file = {/Users/lorenzosperi/Zotero/storage/7AJKRD7W/1992 - LIGO The Laser Interferometer Gravitational-Wave .pdf}
}

@book{schutz_first_1985,
	location = {Cambridge [Cambridgeshire] ; New York},
	title = {A first course in general relativity},
	isbn = {978-0-521-25770-1 978-0-521-27703-7},
	pagetotal = {376},
	publisher = {Cambridge University Press},
	author = {Schutz, Bernard F.},
	date = {1985},
	langid = {english},
	keywords = {Astrophysics, General relativity (Physics)},
	file = {Schutz - 1985 - A first course in general relativity.pdf:/Users/lorenzosperi/Zotero/storage/5YNF26Z9/Schutz - 1985 - A first course in general relativity.pdf:application/pdf}
}


@article{maione_spectral_2017,
	title = {Spectral analysis of gravitational waves from binary neutron star merger remnants},
	volume = {96},
	issn = {2470-0010, 2470-0029},
	url = {http://arxiv.org/abs/1707.03368},
	doi = {10.1103/PhysRevD.96.063011},
	number = {6},
	journaltitle = {Physical Review D},
	author = {Maione, Francesco and De Pietri, Roberto and Feo, Alessandra and Löffler, Frank},
	urldate = {2018-07-01},
	date = {2017-09-19},
	eprinttype = {arxiv},
	eprint = {1707.03368},
	keywords = {General Relativity and Quantum Cosmology},
	annotation = {Comment: 19 pages, 6 figures},
	file = {arXiv\:1707.03368 PDF:/Users/lorenzosperi/Zotero/storage/7IWFHYQP/Maione et al. - 2017 - Spectral analysis of gravitational waves from bina.pdf:application/pdf;arXiv.org Snapshot:/Users/lorenzosperi/Zotero/storage/4AQLSEZ9/1707.html:text/html}
}


@article{de_pietri_modeling_2016,
	title = {Modeling Equal and Unequal Mass Binary Neutron Star Mergers Using Public Codes},
	volume = {93},
	issn = {2470-0010, 2470-0029},
	url = {http://arxiv.org/abs/1509.08804},
	doi = {10.1103/PhysRevD.93.064047},
	number = {6},
	journaltitle = {Physical Review D},
	author = {De Pietri, Roberto and Feo, Alessandra and Maione, Francesco and Löffler, Frank},
	urldate = {2018-03-14},
	date = {2016-03-21},
	eprinttype = {arxiv},
	eprint = {1509.08804},
	keywords = {General Relativity and Quantum Cosmology, Astrophysics - High Energy Astrophysical Phenomena}
}


@online{martin_notes,
	title = {An Introduction to General Relativity, Gravitational Waves and Detection Principles},
	author = {Martin Hendry},
	urldate = {2018-06-30},
	url = {http://www.astro.gla.ac.uk/~martin/teaching/gravitational-wave-detection/supa_gwd_mah.pdf}
}

@Article{Ansorg:2004ds,
  requested-for ={EinsteinInitialData/TwoPunctures},
  author =       {Ansorg, Marcus and Br{\"u}gmann, Bernd and Tichy,
                  Wolfgang},
  title =        {A single-domain spectral method for black hole
                  puncture data},
  journal =      {Phys. Rev. D},
  volume =       70,
  year =         2004,
  pages =        064011,
  eprint =       {arXiv:gr-qc/0404056},
  doi =          {10.1103/PhysRevD.70.064011},
  adsurl =
                  {http://www.slac.stanford.edu/spires/find/hep/www?rawcmd=find+doi+10.1103/PhysRevD.70.064011},
  SLACcitation = "%%CITATION = GR-QC/0404056;%%"
}

@Misc{McLachlan:web,
  suggested-for ="McLachlan/ML_BSSN",
  key =          {McLachlan},
  title =        {{McLachlan}, a Public {BSSN} Code},
  url =          {http://www.cct.lsu.edu/~eschnett/McLachlan/},
}

@Article{Gourgoulhon:2000nn,
  requested-for ="EinsteinInitialData/Meudon_Bin_NS",
  author =       "Gourgoulhon, Eric and Grandclement, Philippe and
                  Taniguchi, Keisuke and Marck, Jean-Alain and
                  Bonazzola, Silvano",
  title =        "{Quasiequilibrium sequences of synchronized and
                  irrotational binary neutron stars in general
                  relativity. I. Method and tests}",
  journal =      "Phys. Rev. D",
  volume =       63,
  year =         2001,
  pages =        064029,
  eprint =       "arXiv:gr-qc/0007028",
  adsurl =
                  {http://www.slac.stanford.edu/spires/find/hep/www?rawcmd=find+doi+10.1103/PhysRevD.63.064029},
  doi =          "10.1103/PhysRevD.63.064029",
  SLACcitation = "%%CITATION = GR-QC/0007028;%%"
}

@Misc{Kranc:web,
  suggested-for ="McLachlan/ML_BSSN",
  key =          {Kranc},
  title =        {{Kranc}: {Kranc} Assembles Numerical Code},
  url =          {http://kranccode.org/},
}

@Article{Brown:2008sb,
     suggested-for ="Einsteinanalysis/Noexcision McLachlan/ML_BSSN",
     author =       "Brown, J. David and Diener, Peter and Sarbach,
                     Olivier and Schnetter, Erik and Tiglio, Manuel",
     title =        "{Turduckening black holes: an analytical and
                     computational study}",
     journal =      "Phys. Rev. D",
     volume =       "79",
     year =         2009,
     pages =        044023,
     eprint =       "arXiv:0809.3533 [gr-qc]",
     adsurl =          {http://www.slac.stanford.edu/spires/find/hep/www?rawcmd=find+doi+10.1103/PhysRevD.79.044023},
     doi =          "10.1103/PhysRevD.79.044023",
     SLACcitation = "%%CITATION = 0809.3533;%%"
}

@misc{EinsteinToolkit:ascl,
  author = {{Collaborative Effort}},
  title = {Einstein Toolkit for Relativistic Astrophysics},
  howpublished = {Astrophysics Source Code Library},
  year = 2011,
  month = feb,
  eprint = {ascl:1102.014},
  adsurl = {http://adsabs.harvard.edu/abs/2011ascl.soft02014C},
}

@article{tichy_quasi-equilibrium_2004,
	title = {Quasi-equilibrium binary black hole sequences for puncture data derived from helical Killing vector conditions},
	volume = {69},
	issn = {1550-7998, 1550-2368},
	url = {http://arxiv.org/abs/gr-qc/0307027},
	doi = {10.1103/PhysRevD.69.024006},
	number = {2},
	journaltitle = {Physical Review D},
	author = {Tichy, Wolfgang and Bruegmann, Bernd},
	urldate = {2018-05-15},
	date = {2004-01-22},
	eprinttype = {arxiv},
	eprint = {gr-qc/0307027},
	keywords = {General Relativity and Quantum Cosmology},
	annotation = {Comment: 6 pages, 3 figures, 1 table},
	file = {arXiv\:gr-qc/0307027 PDF:/Users/lorenzosperi/Zotero/storage/YIKQUMBF/Tichy e Bruegmann - 2004 - Quasi-equilibrium binary black hole sequences for .pdf:application/pdf;arXiv.org Snapshot:/Users/lorenzosperi/Zotero/storage/9L6LH467/0307027.html:text/html}
}


@Misc{EinsteinToolkit:web,
  key =          {EinsteinToolkit},
  title =        {{Einstein Toolkit}: Open software for relativistic
                  astrophysics},
  url =          {http://einsteintoolkit.org/},
}

@article{moesta_grhydro:_2014,
	title = {{GRHydro}: A new open source general-relativistic magnetohydrodynamics code for the Einstein Toolkit},
	volume = {31},
	issn = {0264-9381, 1361-6382},
	url = {http://arxiv.org/abs/1304.5544},
	doi = {10.1088/0264-9381/31/1/015005},
	shorttitle = {{GRHydro}},
	pages = {015005},
	number = {1},
	journaltitle = {Classical and Quantum Gravity},
	author = {Moesta, Philipp and Mundim, Bruno C. and Faber, Joshua A. and Haas, Roland and Noble, Scott C. and Bode, Tanja and Loeffler, Frank and Ott, Christian D. and Reisswig, Christian and Schnetter, Erik},
	urldate = {2018-04-28},
	date = {2014-01-07},
	eprinttype = {arxiv},
	eprint = {1304.5544},
	keywords = {General Relativity and Quantum Cosmology},
	annotation = {Comment: 58 pages, 20 figures},
	file = {arXiv\:1304.5544 PDF:/Users/lorenzosperi/Zotero/storage/ZGYR5ZTD/Moesta et al. - 2014 - GRHydro A new open source general-relativistic ma.pdf:application/pdf;arXiv.org Snapshot:/Users/lorenzosperi/Zotero/storage/AYUF447U/1304.html:text/html}
}

@article{thorne_multipole_1980,
	title = {Multipole expansions of gravitational radiation},
	volume = {52},
	url = {https://link.aps.org/doi/10.1103/RevModPhys.52.299},
	doi = {10.1103/RevModPhys.52.299},
	journaltitle = {Rev. Mod. Phys.},
	author = {Thorne, Kip S.},
	urldate = {2018-07-01},
	date = {1980-04-01},
}

@article{newman_approach_1962,
	title = {An Approach to Gravitational Radiation by a Method of Spin Coefficients},
	volume = {3},
	issn = {0022-2488},
	url = {https://aip.scitation.org/doi/10.1063/1.1724257},
	doi = {10.1063/1.1724257},
	journaltitle = {Journal of Mathematical Physics},
	author = {Newman, Ezra and Penrose, Roger},
	urldate = {2018-07-01},
	date = {1962-05-01},
	file = {Snapshot:/Users/lorenzosperi/Zotero/storage/RKYS4WM9/1.html:text/html}
}

@online{noauthor_cactus_nodate,
	title = {Cactus Code},
	url = {http://cactuscode.org/},
	urldate = {2018-06-30},
	file = {Cactus Code — Welcome:/Users/lorenzosperi/Zotero/storage/VWDWAICT/cactuscode.org.html:text/html}
}


@article{bishop_extraction_2016,
	title = {Extraction of Gravitational Waves in Numerical Relativity},
	volume = {19},
	issn = {2367-3613, 1433-8351},
	url = {http://arxiv.org/abs/1606.02532},
	doi = {10.1007/s41114-016-0001-9},
	abstract = {A numerical-relativity calculation yields in general a solution of the Einstein equations including also a radiative part, which is in practice computed in a region of finite extent. Since gravitational radiation is properly defined only at null infinity and in an appropriate coordinate system, the accurate estimation of the emitted gravitational waves represents an old and non-trivial problem in numerical relativity. A number of methods have been developed over the years to "extract" the radiative part of the solution from a numerical simulation and these include: quadrupole formulas, gauge-invariant metric perturbations, Weyl scalars, and characteristic extraction. We review and discuss each method, in terms of both its theoretical background as well as its implementation. Finally, we provide a brief comparison of the various methods in terms of their inherent advantages and disadvantages.},
	number = {1},
	journaltitle = {Living Reviews in Relativity},
	author = {Bishop, Nigel T. and Rezzolla, Luciano},
	urldate = {2018-04-28},
	date = {2016-12},
	eprinttype = {arxiv},
	eprint = {1606.02532},
	keywords = {General Relativity and Quantum Cosmology},
	annotation = {Comment: 110 pages, matches version accepted in Living Reviews of Relativity; supplementary macro files available in the source tar},
	file = {arXiv\:1606.02532 PDF:/Users/lorenzosperi/Zotero/storage/RUKW9FGJ/Bishop e Rezzolla - 2016 - Extraction of Gravitational Waves in Numerical Rel.pdf:application/pdf;arXiv.org Snapshot:/Users/lorenzosperi/Zotero/storage/MA43IENG/1606.html:text/html}
}


