% This file was created with JabRef 2.9.2.
% Encoding: US-ASCII

@BOOK{peskin,
  title = {An Introduction to Quantum Field Theory},
  publisher = {Cambridge University Press},
  year = {1989},
  author = {Peskin, Schroder}
}

